@article{Dirac1953888,
  title   = "The lorentz transformation and absolute time",
  journal = "Physica ",
  volume  = "19",
  number  = "1-–12",
  pages   = "888--896",
  year    = "1953",
  doi     = "10.1016/S0031-8914(53)80099-6",
  author  = "P.A.M. Dirac"
}

@article{Feynman1963118,
  title   = "The theory of a general quantum system interacting with a linear dissipative system",
  journal = "Annals of Physics ",
  volume  = "24",
  pages   = "118--173",
  year    = "1963",
  doi     = "10.1016/0003-4916(63)90068-X",
  author  = "R.P Feynman and F.L {Vernon Jr.}"
}

@article{chidamber1994metrics,
  title={A metrics suite for object oriented design},
  author={Chidamber, Shyam R and Kemerer, Chris F},
  journal={IEEE Transactions on software engineering},
  volume={20},
  number={6},
  pages={476--493},
  year={1994},
  publisher={IEEE}
}

@book{lorenz1994object,
  title={Object-oriented software metrics: a practical guide},
  author={Lorenz, Mark and Kidd, Jeff},
  year={1994},
  publisher={Prentice-Hall, Inc.}
}

@article{curtis1979measuring,
  title={Measuring the psychological complexity of software maintenance tasks with the Halstead and McCabe metrics},
  author={Curtis, Bill and Sheppard, Sylvia B. and Milliman, Phil and Borst, MA and Love, Tom},
  journal={IEEE Transactions on software engineering},
  number={2},
  pages={96--104},
  year={1979},
  publisher={IEEE}
}

@inproceedings{phan2017sibstcnn,
  title={Sibstcnn and tbcnn+ knn-ted: New models over tree structures for source code classification},
  author={Phan, Anh Viet and Le Nguyen, Minh and Bui, Lam Thu},
  booktitle={International Conference on Intelligent Data Engineering and Automated Learning},
  pages={120--128},
  year={2017},
  organization={Springer}
}

@inproceedings{he2016deep,
  title={Deep residual learning for image recognition},
  author={He, Kaiming and Zhang, Xiangyu and Ren, Shaoqing and Sun, Jian},
  booktitle={Proceedings of the IEEE conference on computer vision and pattern recognition},
  pages={770--778},
  year={2016}
}
@article{simonyan2014very,
  title={Very deep convolutional networks for large-scale image recognition},
  author={Simonyan, Karen and Zisserman, Andrew},
  journal={arXiv preprint arXiv:1409.1556},
  year={2014}
}

@article{hinton2012imagenet,
  title={Imagenet classification with deep convolutional neural networks},
  author={Hinton, Geoffrey E and Krizhevsky, Alex and Sutskever, Ilya},
  journal={Advances in neural information processing systems},
  volume={25},
  pages={1106--1114},
  year={2012}
}

@inproceedings{vaswani2017attention,
  title={Attention is all you need},
  author={Vaswani, Ashish and Shazeer, Noam and Parmar, Niki and Uszkoreit, Jakob and Jones, Llion and Gomez, Aidan N and Kaiser, {\L}ukasz and Polosukhin, Illia},
  booktitle={Advances in neural information processing systems},
  pages={5998--6008},
  year={2017}
}


@article{devlin2018bert,
  title={Bert: Pre-training of deep bidirectional transformers for language understanding},
  author={Devlin, Jacob and Chang, Ming-Wei and Lee, Kenton and Toutanova, Kristina},
  journal={arXiv preprint arXiv:1810.04805},
  year={2018}
}


@article{wang2017tacotron,
  title={Tacotron: Towards end-to-end speech synthesis},
  author={Wang, Yuxuan and Skerry-Ryan, RJ and Stanton, Daisy and Wu, Yonghui and Weiss, Ron J and Jaitly, Navdeep and Yang, Zongheng and Xiao, Ying and Chen, Zhifeng and Bengio, Samy and others},
  journal={arXiv preprint arXiv:1703.10135},
  year={2017}
}

@article{skerry2018towards,
  title={Towards end-to-end prosody transfer for expressive speech synthesis with tacotron},
  author={Skerry-Ryan, RJ and Battenberg, Eric and Xiao, Ying and Wang, Yuxuan and Stanton, Daisy and Shor, Joel and Weiss, Ron J and Clark, Rob and Saurous, Rif A},
  journal={arXiv preprint arXiv:1803.09047},
  year={2018}
}

@article{oord2016wavenet,
  title={Wavenet: A generative model for raw audio},
  author={Oord, Aaron van den and Dieleman, Sander and Zen, Heiga and Simonyan, Karen and Vinyals, Oriol and Graves, Alex and Kalchbrenner, Nal and Senior, Andrew and Kavukcuoglu, Koray},
  journal={arXiv preprint arXiv:1609.03499},
  year={2016}
}

@inproceedings{zhao2017research,
  title={Research on the deep learning of the small sample data based on transfer learning},
  author={Zhao, Wei},
  booktitle={AIP Conference Proceedings},
  volume={1864},
  number={1},
  pages={020018},
  year={2017},
  organization={AIP Publishing LLC}
}

@article{hu2017frankenstein,
  title={Frankenstein: Learning deep face representations using small data},
  author={Hu, Guosheng and Peng, Xiaojiang and Yang, Yongxin and Hospedales, Timothy M and Verbeek, Jakob},
  journal={IEEE Transactions on Image Processing},
  volume={27},
  number={1},
  pages={293--303},
  year={2017},
  publisher={IEEE}
}

@inproceedings{barandela2004imbalanced,
  title={The imbalanced training sample problem: Under or over sampling?},
  author={Barandela, Ricardo and Valdovinos, Rosa M and S{\'a}nchez, J Salvador and Ferri, Francesc J},
  booktitle={Joint IAPR international workshops on statistical techniques in pattern recognition (SPR) and structural and syntactic pattern recognition (SSPR)},
  pages={806--814},
  year={2004},
  organization={Springer}
}

@article{zhou2005training,
  title={Training cost-sensitive neural networks with methods addressing the class imbalance problem},
  author={Zhou, Zhi-Hua and Liu, Xu-Ying},
  journal={IEEE Transactions on knowledge and data engineering},
  volume={18},
  number={1},
  pages={63--77},
  year={2005},
  publisher={IEEE}
}

@inproceedings{pelayo2007applying,
  title={Applying novel resampling strategies to software defect prediction},
  author={Pelayo, Lourdes and Dick, Scott},
  booktitle={NAFIPS 2007-2007 Annual meeting of the North American fuzzy information processing society},
  pages={69--72},
  year={2007},
  organization={IEEE}
}

@article{minku2016data,
  title={Data mining for software engineering and humans in the loop},
  author={Minku, Leandro L and Mendes, Emilia and Turhan, Burak},
  journal={Progress in Artificial Intelligence},
  volume={5},
  number={4},
  pages={307--314},
  year={2016},
  publisher={Springer}
}

@inproceedings{nagappan2007using,
  title={Using software dependencies and churn metrics to predict field failures: An empirical case study},
  author={Nagappan, Nachiappan and Ball, Thomas},
  booktitle={First International Symposium on Empirical Software Engineering and Measurement (ESEM 2007)},
  pages={364--373},
  year={2007},
  organization={IEEE}
}

@inproceedings{moser2008comparative,
  title={A comparative analysis of the efficiency of change metrics and static code attributes for defect prediction},
  author={Moser, Raimund and Pedrycz, Witold and Succi, Giancarlo},
  booktitle={Proceedings of the 30th international conference on Software engineering},
  pages={181--190},
  year={2008}
}

@article{arar2017feature,
  title={A feature dependent Naive Bayes approach and its application to the software defect prediction problem},
  author={Arar, {\"O}mer Faruk and Ayan, K{\"u}r{\c{s}}at},
  journal={Applied Soft Computing},
  volume={59},
  pages={197--209},
  year={2017},
  publisher={Elsevier}
}

@techreport{cooper2002building,
  title={Building a control-flow graph from scheduled assembly code},
  author={Cooper, Keith D and Harvey, Timothy J and Waterman, Todd},
  year={2002}
}

@article{kumar2018effective,
  title={Effective fault prediction model developed using least square support vector machine (LSSVM)},
  author={Kumar, Lov and Sripada, Sai Krishna and Sureka, Ashish and Rath, Santanu Ku},
  journal={Journal of Systems and Software},
  volume={137},
  pages={686--712},
  year={2018},
  publisher={Elsevier}
}

@inproceedings{wang2016automatically,
  title={Automatically learning semantic features for defect prediction},
  author={Wang, Song and Liu, Taiyue and Tan, Lin},
  booktitle={2016 IEEE/ACM 38th International Conference on Software Engineering (ICSE)},
  pages={297--308},
  year={2016},
  organization={IEEE}
}

@article{lin2018cross,
  title={Cross-project transfer representation learning for vulnerable function discovery},
  author={Lin, Guanjun and Zhang, Jun and Luo, Wei and Pan, Lei and Xiang, Yang and De Vel, Olivier and Montague, Paul},
  journal={IEEE Transactions on Industrial Informatics},
  volume={14},
  number={7},
  pages={3289--3297},
  year={2018},
  publisher={IEEE}
}

@inproceedings{phan2017convolutional,
  title={Convolutional neural networks over control flow graphs for software defect prediction},
  author={Phan, Anh Viet and Le Nguyen, Minh and Bui, Lam Thu},
  booktitle={2017 IEEE 29th International Conference on Tools with Artificial Intelligence (ICTAI)},
  pages={45--52},
  year={2017},
  organization={IEEE}
}
@inproceedings{phan2017conv_asm,
  title={Convolutional neural networks on assembly code for predicting software defects},
  author={Phan, Anh Viet and Le Nguyen, Minh},
  booktitle={2017 21st Asia Pacific Symposium on Intelligent and Evolutionary Systems (IES)},
  pages={37--42},
  year={2017},
  organization={IEEE}
}
@inproceedings{li2017software,
  title={Software defect prediction via convolutional neural network},
  author={Li, Jian and He, Pinjia and Zhu, Jieming and Lyu, Michael R},
  booktitle={2017 IEEE International Conference on Software Quality, Reliability and Security (QRS)},
  pages={318--328},
  year={2017},
  organization={IEEE}
}

@inproceedings{viet2019transfer,
  title={Transfer Learning for Predicting Software Faults},
  author={Viet, Anh Phan and Nguyen, Khanh Duy Tung and Pham, Lai V},
  booktitle={2019 11th International Conference on Knowledge and Systems Engineering (KSE)},
  pages={1--6},
  year={2019},
  organization={IEEE}
}

@article{bae2018perlin,
  title={A Perlin noise-based augmentation strategy for deep learning with small data samples of HRCT images},
  author={Bae, Hyun-Jin and Kim, Chang-Wook and Kim, Namju and Park, BeomHee and Kim, Namkug and Seo, Joon Beom and Lee, Sang Min},
  journal={Scientific reports},
  volume={8},
  number={1},
  pages={1--7},
  year={2018},
  publisher={Nature Publishing Group}
}

@article{perez2017effectiveness,
  title={The effectiveness of data augmentation in image classification using deep learning},
  author={Perez, Luis and Wang, Jason},
  journal={arXiv preprint arXiv:1712.04621},
  year={2017}
}

@article{weiss2016survey,
  title={A survey of transfer learning},
  author={Weiss, Karl and Khoshgoftaar, Taghi M and Wang, DingDing},
  journal={Journal of Big data},
  volume={3},
  number={1},
  pages={9},
  year={2016},
  publisher={SpringerOpen}
}

@article{nam2017heterogeneous,
  title={Heterogeneous defect prediction},
  author={Nam, Jaechang and Fu, Wei and Kim, Sunghun and Menzies, Tim and Tan, Lin},
  journal={IEEE Transactions on Software Engineering},
  volume={44},
  number={9},
  pages={874--896},
  year={2017},
  publisher={IEEE}
}

@article{howard2018universal,
  title={Universal language model fine-tuning for text classification},
  author={Howard, Jeremy and Ruder, Sebastian},
  journal={arXiv preprint arXiv:1801.06146},
  year={2018}
}

@article{peters2018deep,
  title={Deep contextualized word representations},
  author={Peters, Matthew E and Neumann, Mark and Iyyer, Mohit and Gardner, Matt and Clark, Christopher and Lee, Kenton and Zettlemoyer, Luke},
  journal={arXiv preprint arXiv:1802.05365},
  year={2018}
}

@article{radford2019language,
  title={Language models are unsupervised multitask learners},
  author={Radford, Alec and Wu, Jeffrey and Child, Rewon and Luan, David and Amodei, Dario and Sutskever, Ilya},
  journal={OpenAI Blog},
  volume={1},
  number={8},
  pages={9},
  year={2019}
}

@inproceedings{wang2011heterogeneous,
  title={Heterogeneous domain adaptation using manifold alignment},
  author={Wang, Chang and Mahadevan, Sridhar},
  booktitle={Twenty-second international joint conference on artificial intelligence},
  year={2011}
}

@inproceedings{zhu2011heterogeneous,
  title={Heterogeneous transfer learning for image classification},
  author={Zhu, Yin and Chen, Yuqiang and Lu, Zhongqi and Pan, Sinno Jialin and Xue, Gui-Rong and Yu, Yong and Yang, Qiang},
  booktitle={Twenty-Fifth AAAI Conference on Artificial Intelligence},
  year={2011}
}

@article{lecun2015deep,
  title={Deep learning},
  author={LeCun, Yann and Bengio, Yoshua and Hinton, Geoffrey},
  journal={Nature},
  volume={521},
  number={7553},
  pages={436--444},
  year={2015},
  publisher={Nature Research}
}

@inproceedings{conneau2017very,
  title={Very deep convolutional networks for text classification},
  author={Conneau, Alexis and Schwenk, Holger and Barrault, Lo{\"\i}c and Lecun, Yann},
  booktitle={Proceedings of the 15th Conference of the European Chapter of the Association for Computational Linguistics: Volume 1, Long Papers},
  volume={1},
  pages={1107--1116},
  year={2017}
}
@article{laradji2015software,
  title={Software defect prediction using ensemble learning on selected features},
  author={Laradji, Issam H and Alshayeb, Mohammad and Ghouti, Lahouari},
  journal={Information and Software Technology},
  volume={58},
  pages={388--402},
  year={2015},
  publisher={Elsevier}
}
@inproceedings{mou2016convolutional,
  title={Convolutional neural networks over tree structures for programming language processing},
  author={Mou, Lili and Li, Ge and Zhang, Lu and Wang, Tao and Jin, Zhi},
  booktitle={Thirtieth AAAI Conference on Artificial Intelligence},
  year={2016}
}
@article{wu2018cross,
  title={Cross-project and within-project semisupervised software defect prediction: A unified approach},
  author={Wu, Fei and Jing, Xiao-Yuan and Sun, Ying and Sun, Jing and Huang, Lin and Cui, Fangyi and Sun, Yanfei},
  journal={IEEE Transactions on Reliability},
  volume={67},
  number={2},
  pages={581--597},
  year={2018},
  publisher={IEEE}
}

@misc{Sayyad-Shirabad+Menzies:2005 ,
author = "Sayyad Shirabad, J. and Menzies, T.J.",
year = "2005",
title = "{The {PROMISE} Repository of Software Engineering Databases.}",
url = "http://promise.site.uottawa.ca/SERepository",
howpublished = "School of Information Technology and Engineering, University of Ottawa, Canada"}
@inproceedings{pennington2014glove,
  author = {Jeffrey Pennington and Richard Socher and Christopher D. Manning},
  booktitle = {Empirical Methods in Natural Language Processing (EMNLP)},
  title = {GloVe: Global Vectors for Word Representation},
  year = {2014},
  pages = {1532--1543},
  url = {http://www.aclweb.org/anthology/D14-1162},
}
@article{phan2018dgcnn,
  title={DGCNN: A convolutional neural network over large-scale labeled graphs},
  author={Phan, Anh Viet and Le Nguyen, Minh and Nguyen, Yen Lam Hoang and Bui, Lam Thu},
  journal={Neural Networks},
  volume={108},
  pages={533--543},
  year={2018},
  publisher={Elsevier}
}